<record><leader>00000cas a2200000 a 4500</leader><controlfield tag="001">11279920</controlfield><controlfield tag="008">841018d18801882azudn ne      0   a0eng d</controlfield><datafield ind1=" " ind2=" " tag="010"><subfield code="a">sn 84027565 </subfield></datafield><datafield ind1=" " ind2=" " tag="040"><subfield code="a">NPU</subfield><subfield code="b">eng</subfield><subfield code="c">NPU</subfield><subfield code="d">PPM</subfield><subfield code="d">CNK</subfield><subfield code="d">ANN</subfield><subfield code="d">CRL</subfield><subfield code="d">OCLCQ</subfield><subfield code="d">OCLCF</subfield></datafield><datafield ind1="1" ind2=" " tag="029"><subfield code="a">AU@</subfield><subfield code="b">000020666679</subfield></datafield><datafield ind1=" " ind2=" " tag="042"><subfield code="a">msc</subfield></datafield><datafield ind1=" " ind2=" " tag="043"><subfield code="a">n-us-az</subfield></datafield><datafield ind1="0" ind2="0" tag="245"><subfield code="a">Tombstone daily nugget.</subfield></datafield><datafield ind1="1" ind2="3" tag="246"><subfield code="a">Daily nugget</subfield></datafield><datafield ind1=" " ind2=" " tag="260"><subfield code="a">Tombstone, Cochise County, Ariz. :</subfield><subfield code="b">H.M. Woods &amp; Co.</subfield></datafield><datafield ind1=" " ind2=" " tag="300"><subfield code="a">v. ;</subfield><subfield code="c">62 cm.</subfield></datafield><datafield ind1=" " ind2=" " tag="310"><subfield code="a">Daily (except Monday)</subfield></datafield><datafield ind1="1" ind2=" " tag="362"><subfield code="a">Began 1880; ceased in 1882.</subfield><subfield code="z">Cf. NIM, 1948-1972.</subfield></datafield><datafield ind1=" " ind2=" " tag="500"><subfield code="a">"Leading and representative mining paper of Arizona."</subfield></datafield><datafield ind1=" " ind2=" " tag="588"><subfield code="a">Description based on: Vol. 1, no. 228 (June 8, 1881).</subfield></datafield><datafield ind1=" " ind2="0" tag="651"><subfield code="a">Tombstone (Ariz.)</subfield><subfield code="v">Newspapers.</subfield></datafield><datafield ind1=" " ind2="0" tag="651"><subfield code="a">Cochise County (Ariz.)</subfield><subfield code="v">Newspapers.</subfield></datafield><datafield ind1=" " ind2="7" tag="655"><subfield code="a">Newspapers.</subfield><subfield code="2">fast</subfield><subfield code="0">(OCoLC)fst01423814</subfield></datafield><datafield ind1=" " ind2="7" tag="651"><subfield code="a">Arizona</subfield><subfield code="z">Cochise County.</subfield><subfield code="2">fast</subfield><subfield code="0">(OCoLC)fst01207405</subfield></datafield><datafield ind1=" " ind2="7" tag="651"><subfield code="a">Arizona</subfield><subfield code="z">Tombstone.</subfield><subfield code="2">fast</subfield><subfield code="0">(OCoLC)fst01212318</subfield></datafield><datafield ind1=" " ind2=" " tag="752"><subfield code="a">United States</subfield><subfield code="b">Arizona</subfield><subfield code="c">Cochise</subfield><subfield code="d">Tombstone.</subfield></datafield><datafield ind1="0" ind2=" " tag="775"><subfield code="t">Weekly nugget (Tombstone, Ariz.)</subfield><subfield code="w">(DLC)sn 94052355</subfield><subfield code="w">(OCoLC)30559695</subfield></datafield><datafield ind1="0" ind2="0" tag="780"><subfield code="t">Daily nugget (Tombstone, Ariz.)</subfield><subfield code="w">(DLC)sn 94052356</subfield><subfield code="w">(OCoLC)30559485</subfield></datafield></record>